%% This BibTeX bibliography file was created using BibDesk.
%% http://bibdesk.sourceforge.net/


%% Created for Spencer Smith at 2017-11-10 06:27:41 -0500 


%% Saved with string encoding Unicode (UTF-8) 



@book{GhezziEtAl2003,
	Address = {Upper Saddle River, NJ, USA},
	Author = {Carlo Ghezzi and Mehdi Jazayeri and Dino Mandrioli},
	Date-Added = {2017-11-10 11:27:31 +0000},
	Date-Modified = {2017-11-10 11:27:31 +0000},
	Edition = {2nd},
	Keywords = {software engineering},
	Publisher = {Prentice Hall},
	Title = {Fundamentals of Software Engineering},
	Year = {2003}}

@book{HoffmanAndStrooper1995,
	Address = {New York, NY, USA},
	Author = {Daniel M. Hoffman and Paul A. Strooper},
	Date-Added = {2017-11-10 11:27:24 +0000},
	Date-Modified = {2017-11-10 11:27:24 +0000},
	Local-Url = {file://localhost/Users/smiths/LongTermArchives/Work/Research/References/SoftwareEngineering/software-design-automated-testing.pdf},
	Publisher = {International Thomson Computer Press},
	Title = {Software Design, Automated Testing, and Maintenance: A Practical Approach},
	Url = {http:// citeseer.ist.psu.edu/428727.html},
	Year = {1995},
	Bdsk-File-1 = {YnBsaXN0MDDUAQIDBAUGJCVYJHZlcnNpb25YJG9iamVjdHNZJGFyY2hpdmVyVCR0b3ASAAGGoKgHCBMUFRYaIVUkbnVsbNMJCgsMDxJXTlMua2V5c1pOUy5vYmplY3RzViRjbGFzc6INDoACgAOiEBGABIAFgAdccmVsYXRpdmVQYXRoWWFsaWFzRGF0YV8QPC4uLy4uLy4uL3NlM3hhMy9SZWZlcmVuY2VNYXRlcmlhbC9Ib2ZmbWFuQW5kU3Ryb29wZXIxOTk1LnBkZtIXCxgZV05TLmRhdGFPEQHqAAAAAAHqAAIAAAxNYWNpbnRvc2ggSEQAAAAAAAAAAAAAAAAAAADOl3ODSCsAAAnHusUaSG9mZm1hbkFuZFN0cm9vcGVyMTk5NS5wZGYAAAAAAAAAAAAAAAAAAAAAAAAAAAAAAAAAAAAAAAAAAAAAAAAACgYWv9Q41tAAAAAAAAAAAAADAAMAAAkgAAAAAAAAAAAAAAAAAAAAEVJlZmVyZW5jZU1hdGVyaWFsAAAQAAgAAM6Xq8MAAAARAAgAANQ5DxAAAAABABQJx7rFCcYGMwASFacACPdmAAJkjgACAFhNYWNpbnRvc2ggSEQ6VXNlcnM6AHNtaXRoczoAUmVwb3M6AHNlM3hhMzoAUmVmZXJlbmNlTWF0ZXJpYWw6AEhvZmZtYW5BbmRTdHJvb3BlcjE5OTUucGRmAA4ANgAaAEgAbwBmAGYAbQBhAG4AQQBuAGQAUwB0AHIAbwBvAHAAZQByADEAOQA5ADUALgBwAGQAZgAPABoADABNAGEAYwBpAG4AdABvAHMAaAAgAEgARAASAEZVc2Vycy9zbWl0aHMvUmVwb3Mvc2UzeGEzL1JlZmVyZW5jZU1hdGVyaWFsL0hvZmZtYW5BbmRTdHJvb3BlcjE5OTUucGRmABMAAS8AABUAAgAN//8AAIAG0hscHR5aJGNsYXNzbmFtZVgkY2xhc3Nlc11OU011dGFibGVEYXRhox0fIFZOU0RhdGFYTlNPYmplY3TSGxwiI1xOU0RpY3Rpb25hcnmiIiBfEA9OU0tleWVkQXJjaGl2ZXLRJidUcm9vdIABAAgAEQAaACMALQAyADcAQABGAE0AVQBgAGcAagBsAG4AcQBzAHUAdwCEAI4AzQDSANoCyALKAs8C2gLjAvEC9QL8AwUDCgMXAxoDLAMvAzQAAAAAAAACAQAAAAAAAAAoAAAAAAAAAAAAAAAAAAADNg==},
	Bdsk-Url-1 = {http://%20citeseer.ist.psu.edu/428727.html}}

@techreport{SmithMcCutchanAndCarette2017,
	Author = {W. Spencer Smith and John McCutchan and Jacques Carette},
	Date-Added = {2017-09-14 19:16:56 +0000},
	Date-Modified = {2017-09-14 19:16:56 +0000},
	Institution = {McMaster University, Department of Computing and Software},
	Number = {CAS-17-01-SS},
	Title = {Commonality Analysis for a Family of Material Models},
	Type = {Technical Report},
	Year = {2017},
	Bdsk-File-1 = {YnBsaXN0MDDUAQIDBAUGJCVYJHZlcnNpb25YJG9iamVjdHNZJGFyY2hpdmVyVCR0b3ASAAGGoKgHCBMUFRYaIVUkbnVsbNMJCgsMDxJXTlMua2V5c1pOUy5vYmplY3RzViRjbGFzc6INDoACgAOiEBGABIAFgAdccmVsYXRpdmVQYXRoWWFsaWFzRGF0YV8QTi4uLy4uLy4uL09MRF9TVk4vbW1zY09MRF9TVk4vRmFtaWx5T2ZNYXRlcmlhbE1vZGVscy9GYW1pbHlPZk1hdGVyaWFsTW9kZWxzLnBkZtIXCxgZV05TLmRhdGFPEQIYAAAAAAIYAAIAAAxNYWNpbnRvc2ggSEQAAAAAAAAAAAAAAAAAAADOl3ODSCsAAAKR0H8aRmFtaWx5T2ZNYXRlcmlhbE1vZGVscy5wZGYAAAAAAAAAAAAAAAAAAAAAAAAAAAAAAAAAAAAAAAAAAAAAAAAAApHQ7NAhLREAAAAAAAAAAAADAAQAAAkgAAAAAAAAAAAAAAAAAAAAFkZhbWlseU9mTWF0ZXJpYWxNb2RlbHMAEAAIAADOl6vDAAAAEQAIAADQIWVRAAAAAQAYApHQfwKRxEwJMf6nABIVpwAI92YAAmSOAAIAa01hY2ludG9zaCBIRDpVc2VyczoAc21pdGhzOgBSZXBvczoAT0xEX1NWTjoAbW1zY09MRF9TVk46AEZhbWlseU9mTWF0ZXJpYWxNb2RlbHM6AEZhbWlseU9mTWF0ZXJpYWxNb2RlbHMucGRmAAAOADYAGgBGAGEAbQBpAGwAeQBPAGYATQBhAHQAZQByAGkAYQBsAE0AbwBkAGUAbABzAC4AcABkAGYADwAaAAwATQBhAGMAaQBuAHQAbwBzAGgAIABIAEQAEgBYVXNlcnMvc21pdGhzL1JlcG9zL09MRF9TVk4vbW1zY09MRF9TVk4vRmFtaWx5T2ZNYXRlcmlhbE1vZGVscy9GYW1pbHlPZk1hdGVyaWFsTW9kZWxzLnBkZgATAAEvAAAVAAIADf//AACABtIbHB0eWiRjbGFzc25hbWVYJGNsYXNzZXNdTlNNdXRhYmxlRGF0YaMdHyBWTlNEYXRhWE5TT2JqZWN00hscIiNcTlNEaWN0aW9uYXJ5oiIgXxAPTlNLZXllZEFyY2hpdmVy0SYnVHJvb3SAAQAIABEAGgAjAC0AMgA3AEAARgBNAFUAYABnAGoAbABuAHEAcwB1AHcAhACOAN8A5ADsAwgDCgMPAxoDIwMxAzUDPANFA0oDVwNaA2wDbwN0AAAAAAAAAgEAAAAAAAAAKAAAAAAAAAAAAAAAAAAAA3Y=}}

@inproceedings{SmithEtAl2008,
	Address = {Leipzig, Germany},
	Author = {W. Spencer Smith and John McCutchan and Jacques Carette},
	Booktitle = {Proceedings of the First International Workshop on Software Engineering for Computational Science and Engineering (SECSE 2008)},
	Date-Added = {2017-09-14 19:15:18 +0000},
	Date-Modified = {2017-09-14 19:15:18 +0000},
	Month = {May},
	Note = {8 pp},
	Organization = {In conjunction with the 30th International Conference on Software Engineering (ICSE)},
	Title = {Commonality Analysis of Families of Physical Models for use in Scientific Computing},
	Url = {http://www.cse.msstate.edu/~SECSE08/schedule.htm},
	Year = {2008},
	Bdsk-File-1 = {YnBsaXN0MDDUAQIDBAUGJCVYJHZlcnNpb25YJG9iamVjdHNZJGFyY2hpdmVyVCR0b3ASAAGGoKgHCBMUFRYaIVUkbnVsbNMJCgsMDxJXTlMua2V5c1pOUy5vYmplY3RzViRjbGFzc6INDoACgAOiEBGABIAFgAdccmVsYXRpdmVQYXRoWWFsaWFzRGF0YV8QPi4uLy4uLy4uL09MRF9TVk4vbW1zY09MRF9TVk4vU0VDU0UwOC9TbWl0aEV0QWxfQXNTdWJtaXR0ZWQucGRm0hcLGBlXTlMuZGF0YU8RAegAAAAAAegAAgAADE1hY2ludG9zaCBIRAAAAAAAAAAAAAAAAAAAAM6Xc4NIKwAAApHRBxlTbWl0aEV0QWxfQXNTdWJtaXR0ZWQucGRmAAAAAAAAAAAAAAAAAAAAAAAAAAAAAAAAAAAAAAAAAAAAAAAAAAACkdFu0CEtFAAAAAAAAAAAAAMABAAACSAAAAAAAAAAAAAAAAAAAAAHU0VDU0UwOAAAEAAIAADOl6vDAAAAEQAIAADQIWVUAAAAAQAYApHRBwKRxEwJMf6nABIVpwAI92YAAmSOAAIAW01hY2ludG9zaCBIRDpVc2VyczoAc21pdGhzOgBSZXBvczoAT0xEX1NWTjoAbW1zY09MRF9TVk46AFNFQ1NFMDg6AFNtaXRoRXRBbF9Bc1N1Ym1pdHRlZC5wZGYAAA4ANAAZAFMAbQBpAHQAaABFAHQAQQBsAF8AQQBzAFMAdQBiAG0AaQB0AHQAZQBkAC4AcABkAGYADwAaAAwATQBhAGMAaQBuAHQAbwBzAGgAIABIAEQAEgBIVXNlcnMvc21pdGhzL1JlcG9zL09MRF9TVk4vbW1zY09MRF9TVk4vU0VDU0UwOC9TbWl0aEV0QWxfQXNTdWJtaXR0ZWQucGRmABMAAS8AABUAAgAN//8AAIAG0hscHR5aJGNsYXNzbmFtZVgkY2xhc3Nlc11OU011dGFibGVEYXRhox0fIFZOU0RhdGFYTlNPYmplY3TSGxwiI1xOU0RpY3Rpb25hcnmiIiBfEA9OU0tleWVkQXJjaGl2ZXLRJidUcm9vdIABAAgAEQAaACMALQAyADcAQABGAE0AVQBgAGcAagBsAG4AcQBzAHUAdwCEAI4AzwDUANwCyALKAs8C2gLjAvEC9QL8AwUDCgMXAxoDLAMvAzQAAAAAAAACAQAAAAAAAAAoAAAAAAAAAAAAAAAAAAADNg==},
	Bdsk-Url-1 = {http://www.cse.msstate.edu/~SECSE08/schedule.htm}}

@inproceedings{Smith2006,
	Address = {Minneapolis / St.\ Paul, Minnesota},
	Author = {W. Spencer Smith},
	Booktitle = {Proceedings of the 14th IEEE International Requirements Engineering Conference, RE 2006},
	Date-Added = {2017-09-14 19:15:09 +0000},
	Date-Modified = {2017-09-14 19:15:09 +0000},
	Local-Url = {/Users/smiths/Work/Research/Papers/RE_2006/Smith2006_VersionAsPublished.pdf},
	Pages = {209--218},
	Title = {Systematic Development of Requirements Documentation for General Purpose Scientific Computing Software},
	Url = {http://www.ifi.unizh.ch/req/events/RE06/},
	Year = {2006},
	Bdsk-File-1 = {YnBsaXN0MDDUAQIDBAUGJCVYJHZlcnNpb25YJG9iamVjdHNZJGFyY2hpdmVyVCR0b3ASAAGGoKgHCBMUFRYaIVUkbnVsbNMJCgsMDxJXTlMua2V5c1pOUy5vYmplY3RzViRjbGFzc6INDoACgAOiEBGABIAFgAdccmVsYXRpdmVQYXRoWWFsaWFzRGF0YV8QSS4uLy4uLy4uLy4uL1dvcmsvUmVzZWFyY2gvUGFwZXJzL1JFXzIwMDYvU21pdGgyMDA2X1ZlcnNpb25Bc1B1Ymxpc2hlZC5wZGbSFwsYGVdOUy5kYXRhTxEB+AAAAAAB+AACAAAMTWFjaW50b3NoIEhEAAAAAAAAAAAAAAAAAAAAzpdzg0grAAAAFwtsH1NtaXRoMjAwNl9WZXJzaW9uQXNQIzE3ODg5Mi5wZGYAAAAAAAAAAAAAAAAAAAAAAAAAAAAAAAAAAAAAAAAAAAAXiJLPIuEzUERGIENBUk8ABAAFAAAJIAAAAAAAAAAAAAAAAAAAAAdSRV8yMDA2AAAQAAgAAM6Xq8MAAAARAAgAAM8jJ4MAAAABABgAFwtsABcCCwAXAE0AFv3tAAj3ZgACZI4AAgBcTWFjaW50b3NoIEhEOlVzZXJzOgBzbWl0aHM6AFdvcms6AFJlc2VhcmNoOgBQYXBlcnM6AFJFXzIwMDY6AFNtaXRoMjAwNl9WZXJzaW9uQXNQIzE3ODg5Mi5wZGYADgBCACAAUwBtAGkAdABoADIAMAAwADYAXwBWAGUAcgBzAGkAbwBuAEEAcwBQAHUAYgBsAGkAcwBoAGUAZAAuAHAAZABmAA8AGgAMAE0AYQBjAGkAbgB0AG8AcwBoACAASABEABIASlVzZXJzL3NtaXRocy9Xb3JrL1Jlc2VhcmNoL1BhcGVycy9SRV8yMDA2L1NtaXRoMjAwNl9WZXJzaW9uQXNQdWJsaXNoZWQucGRmABMAAS8AABUAAgAN//8AAIAG0hscHR5aJGNsYXNzbmFtZVgkY2xhc3Nlc11OU011dGFibGVEYXRhox0fIFZOU0RhdGFYTlNPYmplY3TSGxwiI1xOU0RpY3Rpb25hcnmiIiBfEA9OU0tleWVkQXJjaGl2ZXLRJidUcm9vdIABAAgAEQAaACMALQAyADcAQABGAE0AVQBgAGcAagBsAG4AcQBzAHUAdwCEAI4A2gDfAOcC4wLlAuoC9QL+AwwDEAMXAyADJQMyAzUDRwNKA08AAAAAAAACAQAAAAAAAAAoAAAAAAAAAAAAAAAAAAADUQ==},
	Bdsk-Url-1 = {http://www.ifi.unizh.ch/req/events/RE06/}}

@article{SmithEtAl2007,
	Author = {W. Spencer Smith and Lei Lai and Ridha Khedri},
	Date-Added = {2017-09-14 15:47:22 +0000},
	Date-Modified = {2017-09-14 15:47:22 +0000},
	Journal = {Reliable Computing, Special Issue on Reliable Engineering Computation},
	Local-Url = {/Users/smiths/Work/Research/Papers/ReliableComputing/SmithLaiAndKhedri2007fulltext.pdf},
	Month = {February},
	Number = {1},
	Pages = {83--107},
	Title = {Requirements Analysis for Engineering Computation: A Systematic Approach for Improving Software Reliability},
	Volume = {13},
	Year = {2007},
	Bdsk-File-1 = {YnBsaXN0MDDUAQIDBAUGJCVYJHZlcnNpb25YJG9iamVjdHNZJGFyY2hpdmVyVCR0b3ASAAGGoKgHCBMUFRYaIVUkbnVsbNMJCgsMDxJXTlMua2V5c1pOUy5vYmplY3RzViRjbGFzc6INDoACgAOiEBGABIAFgAdccmVsYXRpdmVQYXRoWWFsaWFzRGF0YV8QSC4uLy4uLy4uL3NlNHNjL1NjaUNvbXBBbmRTb2Z0RW5nUGFwZXJzL1NtaXRoTGFpQW5kS2hlZHJpMjAwN2Z1bGx0ZXh0LnBkZtIXCxgZV05TLmRhdGFPEQIUAAAAAAIUAAIAAAxNYWNpbnRvc2ggSEQAAAAAAAAAAAAAAAAAAADOl3ODSCsAAAkx/Q0fU21pdGhMYWlBbmRLaGVkcmkyMCM5MzFGRDYwLnBkZgAAAAAAAAAAAAAAAAAAAAAAAAAAAAAAAAAAAAAAAAAACTH9YNNvBNMAAAAAAAAAAAADAAMAAAkgAAAAAAAAAAAAAAAAAAAAF1NjaUNvbXBBbmRTb2Z0RW5nUGFwZXJzAAAQAAgAAM6Xq8MAAAARAAgAANNvPRMAAAABABQJMf0NCTHuxwASFacACPdmAAJkjgACAGJNYWNpbnRvc2ggSEQ6VXNlcnM6AHNtaXRoczoAUmVwb3M6AHNlNHNjOgBTY2lDb21wQW5kU29mdEVuZ1BhcGVyczoAU21pdGhMYWlBbmRLaGVkcmkyMCM5MzFGRDYwLnBkZgAOAEQAIQBTAG0AaQB0AGgATABhAGkAQQBuAGQASwBoAGUAZAByAGkAMgAwADAANwBmAHUAbABsAHQAZQB4AHQALgBwAGQAZgAPABoADABNAGEAYwBpAG4AdABvAHMAaAAgAEgARAASAFJVc2Vycy9zbWl0aHMvUmVwb3Mvc2U0c2MvU2NpQ29tcEFuZFNvZnRFbmdQYXBlcnMvU21pdGhMYWlBbmRLaGVkcmkyMDA3ZnVsbHRleHQucGRmABMAAS8AABUAAgAN//8AAIAG0hscHR5aJGNsYXNzbmFtZVgkY2xhc3Nlc11OU011dGFibGVEYXRhox0fIFZOU0RhdGFYTlNPYmplY3TSGxwiI1xOU0RpY3Rpb25hcnmiIiBfEA9OU0tleWVkQXJjaGl2ZXLRJidUcm9vdIABAAgAEQAaACMALQAyADcAQABGAE0AVQBgAGcAagBsAG4AcQBzAHUAdwCEAI4A2QDeAOYC/gMAAwUDEAMZAycDKwMyAzsDQANNA1ADYgNlA2oAAAAAAAACAQAAAAAAAAAoAAAAAAAAAAAAAAAAAAADbA==},
	Bdsk-File-2 = {YnBsaXN0MDDUAQIDBAUGJCVYJHZlcnNpb25YJG9iamVjdHNZJGFyY2hpdmVyVCR0b3ASAAGGoKgHCBMUFRYaIVUkbnVsbNMJCgsMDxJXTlMua2V5c1pOUy5vYmplY3RzViRjbGFzc6INDoACgAOiEBGABIAFgAdccmVsYXRpdmVQYXRoWWFsaWFzRGF0YV8QVC4uLy4uLy4uLy4uL1dvcmsvUmVzZWFyY2gvUGFwZXJzL1JlbGlhYmxlQ29tcHV0aW5nL1NtaXRoTGFpQW5kS2hlZHJpMjAwN2Z1bGx0ZXh0LnBkZtIXCxgZV05TLmRhdGFPEQIaAAAAAAIaAAIAAAxNYWNpbnRvc2ggSEQAAAAAAAAAAAAAAAAAAADOl3ODSCsAAAAXC24fU21pdGhMYWlBbmRLaGVkcmkyMDAjMTc4ODYzLnBkZgAAAAAAAAAAAAAAAAAAAAAAAAAAAAAAAAAAAAAAAAAAABeIY88i4TNQREYgQ0FSTwAEAAUAAAkgAAAAAAAAAAAAAAAAAAAAEVJlbGlhYmxlQ29tcHV0aW5nAAAQAAgAAM6Xq8MAAAARAAgAAM8jJ4MAAAABABgAFwtuABcCCwAXAE0AFv3tAAj3ZgACZI4AAgBmTWFjaW50b3NoIEhEOlVzZXJzOgBzbWl0aHM6AFdvcms6AFJlc2VhcmNoOgBQYXBlcnM6AFJlbGlhYmxlQ29tcHV0aW5nOgBTbWl0aExhaUFuZEtoZWRyaTIwMCMxNzg4NjMucGRmAA4ARAAhAFMAbQBpAHQAaABMAGEAaQBBAG4AZABLAGgAZQBkAHIAaQAyADAAMAA3AGYAdQBsAGwAdABlAHgAdAAuAHAAZABmAA8AGgAMAE0AYQBjAGkAbgB0AG8AcwBoACAASABEABIAVVVzZXJzL3NtaXRocy9Xb3JrL1Jlc2VhcmNoL1BhcGVycy9SZWxpYWJsZUNvbXB1dGluZy9TbWl0aExhaUFuZEtoZWRyaTIwMDdmdWxsdGV4dC5wZGYAABMAAS8AABUAAgAN//8AAIAG0hscHR5aJGNsYXNzbmFtZVgkY2xhc3Nlc11OU011dGFibGVEYXRhox0fIFZOU0RhdGFYTlNPYmplY3TSGxwiI1xOU0RpY3Rpb25hcnmiIiBfEA9OU0tleWVkQXJjaGl2ZXLRJidUcm9vdIABAAgAEQAaACMALQAyADcAQABGAE0AVQBgAGcAagBsAG4AcQBzAHUAdwCEAI4A5QDqAPIDEAMSAxcDIgMrAzkDPQNEA00DUgNfA2IDdAN3A3wAAAAAAAACAQAAAAAAAAAoAAAAAAAAAAAAAAAAAAADfg==}}

@inproceedings{SmithAndLai2005,
	Address = {Paris, France},
	Author = {W. Spencer Smith and Lei Lai},
	Booktitle = {Proceedings of the First International Workshop on Situational Requirements Engineering Processes -- Methods, Techniques and Tools to Support Situation-Specific Requirements Engineering Processes, SREP'05},
	Date-Added = {2017-09-14 15:47:18 +0000},
	Date-Modified = {2017-09-14 15:47:18 +0000},
	Editor = {J. Ralyt\'{e} and P. \.{A}gerfalk and N. Kraiem},
	Local-Url = {file://localhost/Users/smiths/Work/Research/Papers/SREP05/SREP05_ReformatAndRevise/SmithAndLai_2005.pdf},
	Organization = {In conjunction with 13th IEEE International Requirements Engineering Conference},
	Pages = {107--121},
	Title = {A New Requirements Template for Scientific Computing},
	Year = {2005},
	Bdsk-File-1 = {YnBsaXN0MDDUAQIDBAUGJCVYJHZlcnNpb25YJG9iamVjdHNZJGFyY2hpdmVyVCR0b3ASAAGGoKgHCBMUFRYaIVUkbnVsbNMJCgsMDxJXTlMua2V5c1pOUy5vYmplY3RzViRjbGFzc6INDoACgAOiEBGABIAFgAdccmVsYXRpdmVQYXRoWWFsaWFzRGF0YV8QVS4uLy4uLy4uLy4uL1dvcmsvUmVzZWFyY2gvUGFwZXJzL1NSRVAwNS9TUkVQMDVfUmVmb3JtYXRBbmRSZXZpc2UvU21pdGhBbmRMYWlfMjAwNS5wZGbSFwsYGVdOUy5kYXRhTxECDgAAAAACDgACAAAMTWFjaW50b3NoIEhEAAAAAAAAAAAAAAAAAAAAzpdzg0grAAAAF0DvFFNtaXRoQW5kTGFpXzIwMDUucGRmAAAAAAAAAAAAAAAAAAAAAAAAAAAAAAAAAAAAAAAAAAAAAAAAAAAAAAAAAAAXntPPIuJUAAAAAAAAAAAABAAGAAAJIAAAAAAAAAAAAAAAAAAAABhTUkVQMDVfUmVmb3JtYXRBbmRSZXZpc2UAEAAIAADOl6vDAAAAEQAIAADPIyikAAAAAQAcABdA7wAXC3oAFwILABcATQAW/e0ACPdmAAJkjgACAGpNYWNpbnRvc2ggSEQ6VXNlcnM6AHNtaXRoczoAV29yazoAUmVzZWFyY2g6AFBhcGVyczoAU1JFUDA1OgBTUkVQMDVfUmVmb3JtYXRBbmRSZXZpc2U6AFNtaXRoQW5kTGFpXzIwMDUucGRmAA4AKgAUAFMAbQBpAHQAaABBAG4AZABMAGEAaQBfADIAMAAwADUALgBwAGQAZgAPABoADABNAGEAYwBpAG4AdABvAHMAaAAgAEgARAASAFZVc2Vycy9zbWl0aHMvV29yay9SZXNlYXJjaC9QYXBlcnMvU1JFUDA1L1NSRVAwNV9SZWZvcm1hdEFuZFJldmlzZS9TbWl0aEFuZExhaV8yMDA1LnBkZgATAAEvAAAVAAIADf//AACABtIbHB0eWiRjbGFzc25hbWVYJGNsYXNzZXNdTlNNdXRhYmxlRGF0YaMdHyBWTlNEYXRhWE5TT2JqZWN00hscIiNcTlNEaWN0aW9uYXJ5oiIgXxAPTlNLZXllZEFyY2hpdmVy0SYnVHJvb3SAAQAIABEAGgAjAC0AMgA3AEAARgBNAFUAYABnAGoAbABuAHEAcwB1AHcAhACOAOYA6wDzAwUDBwMMAxcDIAMuAzIDOQNCA0cDVANXA2kDbANxAAAAAAAAAgEAAAAAAAAAKAAAAAAAAAAAAAAAAAAAA3M=}}

@book{RobertsonAndRobertson2012,
	Author = {James Robertson and Suzanne Robertson},
	Date-Added = {2016-09-22 13:54:40 +0000},
	Date-Modified = {2016-09-22 14:01:42 +0000},
	Edition = {16},
	Publisher = {Atlantic Systems Guild Limited},
	Title = {Volere Requirements Specification Template},
	Year = {2012}}

@article{ParnasAndClements1986,
	Author = {David L. Parnas and P.C. Clements},
	Date-Added = {2016-09-10 13:11:57 +0000},
	Date-Modified = {2016-09-10 13:11:57 +0000},
	Journal = {IEEE Transactions on Software Engineering},
	Number = {2},
	Pages = {251--257},
	Title = {A Rational Design Process: How and Why to Fake it},
	Volume = {12},
	Year = {February 1986},
	Bdsk-File-1 = {YnBsaXN0MDDUAQIDBAUGJCVYJHZlcnNpb25YJG9iamVjdHNZJGFyY2hpdmVyVCR0b3ASAAGGoKgHCBMUFRYaIVUkbnVsbNMJCgsMDxJXTlMua2V5c1pOUy5vYmplY3RzViRjbGFzc6INDoACgAOiEBGABIAFgAdccmVsYXRpdmVQYXRoWWFsaWFzRGF0YV8QQC4uLy4uLy4uL3NlNHNjL1NjaUNvbXBBbmRTb2Z0RW5nUGFwZXJzL1Bhcm5hc0FuZENsZW1lbnRzMTk4Ni5wZGbSFwsYGVdOUy5kYXRhTxEB9gAAAAAB9gACAAAMTWFjaW50b3NoIEhEAAAAAAAAAAAAAAAAAAAAzpdzg0grAAAJMf0NGVBhcm5hc0FuZENsZW1lbnRzMTk4Ni5wZGYAAAAAAAAAAAAAAAAAAAAAAAAAAAAAAAAAAAAAAAAAAAAAAAAAAAkx/UPTbwTTAAAAAAAAAAAAAwADAAAJIAAAAAAAAAAAAAAAAAAAABdTY2lDb21wQW5kU29mdEVuZ1BhcGVycwAAEAAIAADOl6vDAAAAEQAIAADTbz0TAAAAAQAUCTH9DQkx7scAEhWnAAj3ZgACZI4AAgBcTWFjaW50b3NoIEhEOlVzZXJzOgBzbWl0aHM6AFJlcG9zOgBzZTRzYzoAU2NpQ29tcEFuZFNvZnRFbmdQYXBlcnM6AFBhcm5hc0FuZENsZW1lbnRzMTk4Ni5wZGYADgA0ABkAUABhAHIAbgBhAHMAQQBuAGQAQwBsAGUAbQBlAG4AdABzADEAOQA4ADYALgBwAGQAZgAPABoADABNAGEAYwBpAG4AdABvAHMAaAAgAEgARAASAEpVc2Vycy9zbWl0aHMvUmVwb3Mvc2U0c2MvU2NpQ29tcEFuZFNvZnRFbmdQYXBlcnMvUGFybmFzQW5kQ2xlbWVudHMxOTg2LnBkZgATAAEvAAAVAAIADf//AACABtIbHB0eWiRjbGFzc25hbWVYJGNsYXNzZXNdTlNNdXRhYmxlRGF0YaMdHyBWTlNEYXRhWE5TT2JqZWN00hscIiNcTlNEaWN0aW9uYXJ5oiIgXxAPTlNLZXllZEFyY2hpdmVy0SYnVHJvb3SAAQAIABEAGgAjAC0AMgA3AEAARgBNAFUAYABnAGoAbABuAHEAcwB1AHcAhACOANEA1gDeAtgC2gLfAuoC8wMBAwUDDAMVAxoDJwMqAzwDPwNEAAAAAAAAAgEAAAAAAAAAKAAAAAAAAAAAAAAAAAAAA0Y=}}

@online{Double_Pendulum,
	Title = {Double Pendulum},
    Author = {Erik Neumann},
	url = {https://www.myphysicslab.com/pendulum/double-pendulum-en.html},
	organization = {myPhysicsLab}}

@online{RungeKutta,
	Title = {Runge Kutta},
    Author = {Erik Neumann},
	url = {https://www.myphysicslab.com/explain/runge-kutta-en.html},
	organization = {myPhysicsLab}}

@online{SRS,
	Title = {Software Requirements Specification},
    Author = {Zhi Zhang},
	url = {https://github.com/best-zhang-zhi/CAS741Project/blob/master/Double%20Pendulum/docs/SRS/SRS.pdf},
	organization = {CAS741}}

@online{UnitVnV,
	Title = {UnitVnV},
    Author = {Zhi Zhang},
	url = {https://github.com/best-zhang-zhi/CAS741Project/blob/master/Double%20Pendulum/docs/VnVPlan/UnitVnVPlan/UnitVnVPlan.pdf},
	organization = {CAS741}}

@online{SystemVnVReport,
	Title = {SystemVnVReport},
    Author = {Zhi Zhang},
	url = {https://github.com/best-zhang-zhi/CAS741Project/blob/master/Double%20Pendulum/docs/VnVReport/SystVnVReport/SystVnVReport.pdf},
	organization = {CAS741}}

@online{UnitVnVReport,
	Title = {UnitVnVRport},
    Author = {Zhi Zhang},
	url = {https://github.com/best-zhang-zhi/CAS741Project/blob/master/Double%20Pendulum/docs/VnVReport/UnitVnVReport/UnitVnVReport.pdf},
	organization = {CAS741}}

@online{SystVnVPlan,
	Title = {System Verification and Validation Plan for Lattice Boltzmann Solver},
    Author = {Peter Michalski},
	url = {https://github.com/peter-michalski/LatticeBoltzmannSolvers/blob/master/docs/VnVPlan/SystVnVPlan/SystVnVPlan.tex},
	organization = {CAS741}}
	
@online{CAS741_SRS_checklist,
	Author = {Smith},
	Title = {{SRS Checklist}},
	Url = {https://gitlab.cas.mcmaster.ca/smiths/cas741/blob/master/BlankProjectTemplate/docs/SRS/SRS-Checklist.pdf},
	Urldate = {2019},
	Bdsk-Url-1 = {https://gitlab.cas.mcmaster.ca/smiths/cas741/blob/master/BlankProjectTemplate/docs/SRS/SRS-Checklist.pdf}}

@inproceedings{ParnasEtAl1984,
	Author = {D.L. Parnas and P.C. Clement and D. M. Weiss},
	Booktitle = {International Conference on Software Engineering},
	Pages = {408-419},
	Title = {The modular structure of complex systems},
	Year = {1984},
	Bdsk-File-1 = {YnBsaXN0MDDSAQIDBFxyZWxhdGl2ZVBhdGhZYWxpYXNEYXRhXxA2Li4vLi4vc2U0c2MvU2NpQ29tcEFuZFNvZnRFbmdQYXBlcnMvUGFybmFzRXRBbDE5ODQucGRmTxEBnAAAAAABnAACAAAMTWFjaW50b3NoIEhEAAAAAAAAAAAAAAAAAAAAAAAAAEJEAAH/////ElBhcm5hc0V0QWwxOTg0LnBkZgAAAAAAAAAAAAAAAAAAAAAAAAAAAAAAAAAAAAAAAAAAAAAAAAAAAAAAAAAAAP////8AAAAAAAAAAAAAAAAAAgADAAAKIGN1AAAAAAAAAAAAAAAAABdTY2lDb21wQW5kU29mdEVuZ1BhcGVycwAAAgBFLzpVc2VyczpzbWl0aHM6UmVwb3M6c2U0c2M6U2NpQ29tcEFuZFNvZnRFbmdQYXBlcnM6UGFybmFzRXRBbDE5ODQucGRmAAAOACYAEgBQAGEAcgBuAGEAcwBFAHQAQQBsADEAOQA4ADQALgBwAGQAZgAPABoADABNAGEAYwBpAG4AdABvAHMAaAAgAEgARAASAENVc2Vycy9zbWl0aHMvUmVwb3Mvc2U0c2MvU2NpQ29tcEFuZFNvZnRFbmdQYXBlcnMvUGFybmFzRXRBbDE5ODQucGRmAAATAAEvAAAVAAIADf//AAAACAANABoAJABdAAAAAAAAAgEAAAAAAAAABQAAAAAAAAAAAAAAAAAAAf0=}}

@inproceedings{Parnas1978,
 author = {D.L. Parnas},
 title = {Designing Software for Ease of Extension and Contraction},
 booktitle = {Proceedings of the 3rd International Conference on Software Engineering},
 series = {ICSE '78},
 year = {1978},
 location = {Atlanta, Georgia, USA},
 pages = {264--277},
 numpages = {14},
 url = {http://dl.acm.org/citation.cfm?id=800099.803218},
 acmid = {803218},
 publisher = {IEEE Press},
 address = {Piscataway, NJ, USA},
} 
@article{Parnas1972,
 author = {Parnas, D. L.},
 title = {On the Criteria to Be Used in Decomposing Systems into Modules},
 journal = {Commun. ACM},
 issue_date = {Dec. 1972},
 volume = {15},
 number = {12},
 month = dec,
 year = {1972},
 issn = {0001-0782},
 pages = {1053--1058},
 numpages = {6},
 url = {http://doi.acm.org/10.1145/361598.361623},
 doi = {10.1145/361598.361623},
 acmid = {361623},
 publisher = {ACM},
 address = {New York, NY, USA},
 keywords = {KWIC index, modularity, modules, software, software design, software engineering},
} 